<?xml version="1.0" encoding="UTF-8" ?><marc:collection xmlns:marc="http://www.loc.gov/MARC21/slim" xmlns:xsi="http://www.w3.org/2001/XMLSchema-instance" xsi:schemaLocation="http://www.loc.gov/MARC21/slim http://www.loc.gov/standards/marcxml/schema/MARC21slim.xsd">
<marc:record><marc:leader>02563nam a2200301 i 4500</marc:leader>
<marc:controlfield tag="001">40710</marc:controlfield>
<marc:controlfield tag="003">NNELS</marc:controlfield><marc:controlfield tag="005">20171030212953.0</marc:controlfield><marc:controlfield tag="008">160915t20162016quc||||       000|0 fre  </marc:controlfield><marc:datafield tag="020" ind1=" " ind2=" "><marc:subfield code="a">9782764624456 (pbk)</marc:subfield></marc:datafield><marc:datafield tag="028" ind1=" " ind2=" "><marc:subfield code="a">20171030085353</marc:subfield></marc:datafield><marc:datafield tag="040" ind1=" " ind2=" "><marc:subfield code="a">SDM</marc:subfield><marc:subfield code="b">fre</marc:subfield><marc:subfield code="e">rda</marc:subfield><marc:subfield code="d">SQTD</marc:subfield><marc:subfield code="d">QMBM</marc:subfield></marc:datafield><marc:datafield tag="100" ind1="1" ind2=" "><marc:subfield code="a">Trudeau, Alexandre,</marc:subfield><marc:subfield code="d">1973-</marc:subfield><marc:subfield code="e">author.</marc:subfield></marc:datafield><marc:datafield tag="240" ind1="1" ind2="0"><marc:subfield code="a">Barbarian lost.</marc:subfield><marc:subfield code="l">French.</marc:subfield></marc:datafield><marc:datafield tag="245" ind1="1" ind2="3"><marc:subfield code="a">Un barbare en Chine nouvelle /</marc:subfield><marc:subfield code="c">Alexandre Trudeau ; traduit de l'anglais (Canada) par Daniel Poliquin.</marc:subfield></marc:datafield><marc:datafield tag="264" ind1=" " ind2="1"><marc:subfield code="a">Montr©♭al, Qu©♭bec :</marc:subfield><marc:subfield code="b">Bor©♭al,</marc:subfield><marc:subfield code="c">[2016]</marc:subfield></marc:datafield><marc:datafield tag="264" ind1=" " ind2="4"><marc:subfield code="c">℗♭2016.</marc:subfield></marc:datafield><marc:datafield tag="300" ind1=" " ind2=" "><marc:subfield code="a">318 pages ;</marc:subfield><marc:subfield code="c">23 cm.</marc:subfield></marc:datafield><marc:datafield tag="336" ind1=" " ind2=" "><marc:subfield code="a">texte</marc:subfield><marc:subfield code="b">txt</marc:subfield><marc:subfield code="2">rdacontent.</marc:subfield></marc:datafield><marc:datafield tag="337" ind1=" " ind2=" "><marc:subfield code="a">sans mdiation</marc:subfield><marc:subfield code="b">n</marc:subfield><marc:subfield code="2">rdamedia.</marc:subfield></marc:datafield><marc:datafield tag="338" ind1=" " ind2=" "><marc:subfield code="a">volume</marc:subfield><marc:subfield code="b">nc</marc:subfield><marc:subfield code="2">rdacarrier.</marc:subfield></marc:datafield><marc:datafield tag="506" ind1=" " ind2=" "><marc:subfield code="a">Restricted to use by people with a documented print impairment.</marc:subfield></marc:datafield><marc:datafield tag="520" ind1=" " ind2=" "><marc:subfield code="a">Depuis l'enfance, Alexandre Trudeau est fasciné par la Chine. Il retrace ici pour nous ses pérégrinations dans ce pays qui est synonyme de démesure et brosse un portrait saisissant de la Chine contemporaine, sans doute le plus grand laboratoire où se dessine l'avenir de l'humanité.Au cours des dernières années, l'auteur a fait de nombreux voyages dans l'Empire du Milieu. Il y a rencontré des artistes et des travailleurs migrants, des citadins et des agriculteurs. Souvent accompagné par Vivien, une jeune journaliste chinoise, il explore la réalité d'existences prises au piège entre la Chine de nos souvenirs et celle que bouleverse la poussée du progrès. La Chine qu'il cherche se révèle par bribes. C'est la flamme d'une bougie qui s'oppose à la lumière crue de la modernité. Chacun des êtres qu'il croise dévoile une parcelle du secret, et chaque révélation nous désarçonne, vient nous arracher à nos idées préconçues, nous oblige à remettre en question nos certitudes les mieux établies.C'est avec une grande finesse et une grande perspicacité qu'Alexandre Trudeau décrit les changements que vit la Chine en ce moment, en même temps qu'il jette un regard rétrospectif sur l'histoire de cette société encore soumise à des codes rigides et profondément ancrés. En partageant le quotidien d'hommes et de femmes qui incarnent la Chine nouvelle, il apporte un éclairage neuf sur toute une société, comme seul un voyageur doublé d'un conteur hors pair peut le faire.</marc:subfield></marc:datafield><marc:datafield tag="600" ind1="1" ind2="0"><marc:subfield code="a">Trudeau, Alexandre,</marc:subfield><marc:subfield code="d">1973-</marc:subfield><marc:subfield code="x">Travel</marc:subfield><marc:subfield code="z">China.</marc:subfield></marc:datafield><marc:datafield tag="651" ind1=" " ind2="0"><marc:subfield code="a">China</marc:subfield><marc:subfield code="x">Social life and customs.</marc:subfield></marc:datafield><marc:datafield tag="651" ind1=" " ind2="0"><marc:subfield code="a">China</marc:subfield><marc:subfield code="x">Description and travel.</marc:subfield></marc:datafield><marc:datafield tag="700" ind1="1" ind2=" "><marc:subfield code="a">Poliquin, Daniel,</marc:subfield><marc:subfield code="e">translator.</marc:subfield></marc:datafield><marc:datafield tag="935" ind1=" " ind2=" "><marc:subfield code="a">(SQTD)sqtd2477605</marc:subfield></marc:datafield></marc:record>