
<marc:record><marc:leader>02144cam a2200337 i 4500</marc:leader>
<marc:controlfield tag="001">40709</marc:controlfield>
<marc:controlfield tag="003">NNELS</marc:controlfield><marc:controlfield tag="005">20171030212517.0</marc:controlfield><marc:controlfield tag="008">160829t20162016onc           000 d eng d</marc:controlfield><marc:datafield tag="016" ind1=" " ind2=" "><marc:subfield code="a">20169065790</marc:subfield></marc:datafield><marc:datafield tag="020" ind1=" " ind2=" "><marc:subfield code="a">9781770915725</marc:subfield></marc:datafield><marc:datafield tag="020" ind1=" " ind2=" "><marc:subfield code="a">1770915729</marc:subfield></marc:datafield><marc:datafield tag="028" ind1=" " ind2=" "><marc:subfield code="a">20171027134939</marc:subfield></marc:datafield><marc:datafield tag="040" ind1=" " ind2=" "><marc:subfield code="a">TOH</marc:subfield><marc:subfield code="b">eng</marc:subfield><marc:subfield code="e">rda</marc:subfield><marc:subfield code="c">TOH</marc:subfield><marc:subfield code="d">BTCTA</marc:subfield><marc:subfield code="d">NLC</marc:subfield><marc:subfield code="d">OCLCQ</marc:subfield><marc:subfield code="d">CaBVa</marc:subfield></marc:datafield><marc:datafield tag="055" ind1=" " ind2="0"><marc:subfield code="a">PS8621 A486</marc:subfield><marc:subfield code="b">I53 2016</marc:subfield></marc:datafield><marc:datafield tag="082" ind1="0" ind2="4"><marc:subfield code="a">C812/.6</marc:subfield><marc:subfield code="2">23</marc:subfield></marc:datafield><marc:datafield tag="100" ind1="1" ind2=" "><marc:subfield code="a">Kanagawa, Hiro,</marc:subfield><marc:subfield code="d">1963-</marc:subfield><marc:subfield code="e">author.</marc:subfield></marc:datafield><marc:datafield tag="245" ind1="1" ind2="0"><marc:subfield code="a">Indian Arm /</marc:subfield><marc:subfield code="c">by Hiro Kanagawa ; adapted from Henrik Ibsen's Little Eyoft.</marc:subfield></marc:datafield><marc:datafield tag="264" ind1=" " ind2=" "><marc:subfield code="a">Toronto :</marc:subfield><marc:subfield code="b">Playwrights Canada Press,</marc:subfield><marc:subfield code="c">2016.</marc:subfield></marc:datafield><marc:datafield tag="300" ind1=" " ind2=" "><marc:subfield code="a">97 pages ;</marc:subfield><marc:subfield code="c">22 cm.</marc:subfield></marc:datafield><marc:datafield tag="336" ind1=" " ind2=" "><marc:subfield code="a">text</marc:subfield><marc:subfield code="b">txt</marc:subfield><marc:subfield code="2">rdacontent</marc:subfield></marc:datafield><marc:datafield tag="337" ind1=" " ind2=" "><marc:subfield code="a">unmediated</marc:subfield><marc:subfield code="b">n</marc:subfield><marc:subfield code="2">rdamedia</marc:subfield></marc:datafield><marc:datafield tag="338" ind1=" " ind2=" "><marc:subfield code="a">volume</marc:subfield><marc:subfield code="b">nc</marc:subfield><marc:subfield code="2">rdacarrier</marc:subfield></marc:datafield><marc:datafield tag="500" ind1=" " ind2=" "><marc:subfield code="a">A play.</marc:subfield></marc:datafield><marc:datafield tag="506" ind1=" " ind2=" "><marc:subfield code="a">Restricted to use by people with a documented print impairment.</marc:subfield></marc:datafield><marc:datafield tag="520" ind1=" " ind2=" "><marc:subfield code="a">Rita and Alfred Allmers live in an isolated family cabin on native leasehold land overlooking Indian Arm, a still untamed glacial fjord just north of Vancouver, BC. With Alfred—a formerly promising novelist—now struggling with his latest work, Rita has been tasked with caring for their adopted son Wolfie, a sensitive First Nations teen who has been designated as “special needs” for much of his life. Rita’s resentments and frustrations are further embittered by her younger half-sister, Asta, a constant reminder of the innocence, idealism, and sexual allure Rita once had and yearns for again. The fragile impasse of their lives is torn asunder by the appearance of Janice, the surviving member of the Indigenous family who leased the land to Rita and Asta’s reclusive and mysterious father over fifty years ago. With the lease now expired, they are all engulfed by the secrets and contradictions of their lives and of the land itself—in both the past and the present—and their stories are drawn inexorably toward an unspeakable tragedy.</marc:subfield></marc:datafield><marc:datafield tag="651" ind1=" " ind2="0"><marc:subfield code="a">Indian Arm (B.C.)</marc:subfield><marc:subfield code="v">Drama.</marc:subfield></marc:datafield><marc:datafield tag="651" ind1=" " ind2="0"><marc:subfield code="a">British Columbia</marc:subfield><marc:subfield code="v">Drama.</marc:subfield></marc:datafield><marc:datafield tag="655" ind1=" " ind2="0"><marc:subfield code="a">Canadian drama</marc:subfield></marc:datafield><marc:datafield tag="700" ind1="1" ind2=" "><marc:subfield code="i">Adaptation of (work) :</marc:subfield><marc:subfield code="a">Ibsen, Henrik,</marc:subfield><marc:subfield code="d">1828-1906.</marc:subfield><marc:subfield code="t">Lille Eyolf.</marc:subfield></marc:datafield><marc:datafield tag="935" ind1=" " ind2=" "><marc:subfield code="a">(OCoLC)957649660</marc:subfield></marc:datafield></marc:record>