
<marc:record><marc:leader>02424cam a22003372 b4500</marc:leader>
<marc:controlfield tag="001">40708</marc:controlfield>
<marc:controlfield tag="003">NNELS</marc:controlfield><marc:controlfield tag="005">20171030212127.0</marc:controlfield><marc:controlfield tag="006">m        d        </marc:controlfield><marc:controlfield tag="007">cr  n         </marc:controlfield><marc:controlfield tag="008">170518e20170427onca    o|||||||| ||eng|d</marc:controlfield><marc:datafield tag="020" ind1=" " ind2=" "><marc:subfield code="z">9781771662987</marc:subfield></marc:datafield><marc:datafield tag="020" ind1=" " ind2=" "><marc:subfield code="z">1771662980</marc:subfield></marc:datafield><marc:datafield tag="024" ind1="3" ind2=" "><marc:subfield code="a">9781771662987</marc:subfield></marc:datafield><marc:datafield tag="037" ind1=" " ind2=" "><marc:subfield code="b">01362075</marc:subfield></marc:datafield><marc:datafield tag="040" ind1=" " ind2=" "><marc:subfield code="a">BIP US</marc:subfield><marc:subfield code="d">WaSeSS</marc:subfield></marc:datafield><marc:datafield tag="082" ind1="0" ind2="0"><marc:subfield code="a">843/.54</marc:subfield><marc:subfield code="2">23</marc:subfield></marc:datafield><marc:datafield tag="100" ind1="1" ind2=" "><marc:subfield code="a">Laverdure, Bertrand</marc:subfield><marc:subfield code="y">fre.</marc:subfield></marc:datafield><marc:datafield tag="245" ind1="0" ind2="0"><marc:subfield code="a">Readopolis</marc:subfield></marc:datafield><marc:datafield tag="264" ind1=" " ind2=" "><marc:subfield code="a">Toronto : </marc:subfield><marc:subfield code="b">BookThug</marc:subfield><marc:subfield code="c">April 2017</marc:subfield><marc:subfield code="a">Berkeley : </marc:subfield><marc:subfield code="b">SPD-Small Press Distribution [Distributor]</marc:subfield></marc:datafield><marc:datafield tag="300" ind1=" " ind2=" "><marc:subfield code="a">1 online resource</marc:subfield></marc:datafield><marc:datafield tag="336" ind1=" " ind2=" "><marc:subfield code="a">text</marc:subfield><marc:subfield code="2">rdacontent</marc:subfield></marc:datafield><marc:datafield tag="337" ind1=" " ind2=" "><marc:subfield code="a">computer</marc:subfield><marc:subfield code="2">rdamedia</marc:subfield></marc:datafield><marc:datafield tag="338" ind1=" " ind2=" "><marc:subfield code="a">online resource</marc:subfield><marc:subfield code="2">rdacarrier</marc:subfield></marc:datafield><marc:datafield tag="506" ind1=" " ind2=" "><marc:subfield code="a">Restricted to use by people with a documented print impairment.</marc:subfield></marc:datafield><marc:datafield tag="520" ind1="8" ind2=" "><marc:subfield code="a">Annotation</marc:subfield><marc:subfield code="b">From award-winning writer Bertrand Laverdure comes Readopolis, a novel translated by Oana Avasilichioaei. It's 2006 and down-and-out protagonist Ghislain works as a reader for a publishing house in Montreal. He's bored with all the wannabe writers who are determined to leave a trace of their passage on earth with their feeble attempts at literary arts. Obsessed by literature and its future (or lack thereof), he reads everything he can in order to translate reality into the literary delirium that is Readopolis--a world imagined out of Chicago and Montreal, with few inhabitants, a convenience store, a parrot, and all kinds of dialogues running amok: cinematic, epistolary, theatrical, and Socratic. In the pages of Readopolis, Laverdure playfully examines the idea that human beings are more connected by their reading abilities than by anything else. Funny and sardonic, whimsical and tragic, this postmodern novel with touches of David Foster Wallace and Raymond Queneau portrays the global village of readers that the Internet created, even before the 2.0 revolution. Praise for Lectodome &quot;Brilliant, playful, perfectly convincing, Lectodome has everything to place Laverdure in the ranks of the 'sickest literary greats.'&quot; --Le Devoir &quot;An intensely unapologetic hybrid work--zigzagging between a story within a story, epistolary novel, screenplay, and more--Lectodome is delightfully intelligent and fantastical.&quot; --Voir</marc:subfield></marc:datafield><marc:datafield tag="690" ind1=" " ind2=" "><marc:subfield code="a">Electronic books.</marc:subfield></marc:datafield><marc:datafield tag="690" ind1=" " ind2=" "><marc:subfield code="a">American Literature</marc:subfield></marc:datafield><marc:datafield tag="700" ind1="1" ind2=" "><marc:subfield code="a">Avasilichioaei, Oana</marc:subfield><marc:subfield code="e">Translator</marc:subfield></marc:datafield><marc:datafield tag="710" ind1="2" ind2=" "><marc:subfield code="a">desLibris - Books</marc:subfield></marc:datafield><marc:datafield tag="935" ind1=" " ind2=" "><marc:subfield code="a">(WaSeSS)ssib027951176</marc:subfield></marc:datafield></marc:record>