
<marc:record><marc:leader>02062nam a2200397 i 4500</marc:leader>
<marc:controlfield tag="001">40711</marc:controlfield>
<marc:controlfield tag="003">NNELS</marc:controlfield><marc:controlfield tag="005">20171030213327.0</marc:controlfield><marc:controlfield tag="006">a           000 f </marc:controlfield><marc:controlfield tag="007">ta</marc:controlfield><marc:controlfield tag="008">170601t20162016quc           000 f fre  </marc:controlfield><marc:datafield tag="020" ind1=" " ind2=" "><marc:subfield code="a">9782924519295</marc:subfield></marc:datafield><marc:datafield tag="028" ind1=" " ind2=" "><marc:subfield code="a">20171027134937</marc:subfield></marc:datafield><marc:datafield tag="040" ind1=" " ind2=" "><marc:subfield code="a">QMBN</marc:subfield><marc:subfield code="b">fre</marc:subfield><marc:subfield code="e">rda</marc:subfield><marc:subfield code="c">QMBN</marc:subfield><marc:subfield code="d">QMBND</marc:subfield></marc:datafield><marc:datafield tag="082" ind1="0" ind2="4"><marc:subfield code="a">C843/.6</marc:subfield><marc:subfield code="2">23</marc:subfield></marc:datafield><marc:datafield tag="100" ind1="1" ind2=" "><marc:subfield code="a">Guay-Poliquin, Christian,</marc:subfield><marc:subfield code="d">1982-</marc:subfield><marc:subfield code="e">auteur.</marc:subfield></marc:datafield><marc:datafield tag="245" ind1="1" ind2="3"><marc:subfield code="a">Le poids de la neige /</marc:subfield><marc:subfield code="c">Christian Guay-Poliquin</marc:subfield></marc:datafield><marc:datafield tag="264" ind1=" " ind2="1"><marc:subfield code="a">Chicoutimi (Québec) :</marc:subfield><marc:subfield code="b">La Peuplade,</marc:subfield><marc:subfield code="c">2016.</marc:subfield></marc:datafield><marc:datafield tag="264" ind1=" " ind2="4"><marc:subfield code="c">©2016</marc:subfield></marc:datafield><marc:datafield tag="300" ind1=" " ind2=" "><marc:subfield code="a">296 pages ;</marc:subfield><marc:subfield code="c">19 cm</marc:subfield></marc:datafield><marc:datafield tag="336" ind1=" " ind2=" "><marc:subfield code="a">texte</marc:subfield><marc:subfield code="b">txt</marc:subfield><marc:subfield code="2">rdacontent</marc:subfield></marc:datafield><marc:datafield tag="337" ind1=" " ind2=" "><marc:subfield code="a">sans médiation</marc:subfield><marc:subfield code="b">n</marc:subfield><marc:subfield code="2">rdamedia</marc:subfield></marc:datafield><marc:datafield tag="338" ind1=" " ind2=" "><marc:subfield code="a">volume</marc:subfield><marc:subfield code="b">nc</marc:subfield><marc:subfield code="2">rdacarrier</marc:subfield></marc:datafield><marc:datafield tag="490" ind1="1" ind2=" "><marc:subfield code="a">Roman</marc:subfield></marc:datafield><marc:datafield tag="506" ind1=" " ind2=" "><marc:subfield code="a">Restricted to use by people with a documented print impairment.</marc:subfield></marc:datafield><marc:datafield tag="520" ind1=" " ind2=" "><marc:subfield code="a">Dans une véranda cousue de courants d’air, en retrait d’un village sans électricité, s’organise la vie de Matthias et d’un homme accidenté qui lui a été confié juste avant l’hiver. Telle a été l’entente : le vieil homme assurera la rémission du plus jeune en échange de bois de chauffage, de vivres et, surtout, d’une place dans le convoi qui partira pour la ville au printemps.  Les centimètres de neige s’accumulent et chaque journée apporte son lot de défis. Près du poêle à bois, les deux individus tissent laborieusement leur complicité au gré des conversations et des visites de Joseph, Jonas, Jean, Jude, José et de la belle Maria. Les rumeurs du village pénètrent dans les méandres du décor, l’hiver pèse, la tension est palpable. Tiendront-ils le coup?</marc:subfield></marc:datafield><marc:datafield tag="595" ind1=" " ind2=" "><marc:subfield code="a">Oct17sFre</marc:subfield><marc:subfield code="5">BSE</marc:subfield></marc:datafield><marc:datafield tag="650" ind1=" " ind2="6"><marc:subfield code="a">Victimes d'accidents de la route</marc:subfield><marc:subfield code="v">Romans, nouvelles, etc.</marc:subfield></marc:datafield><marc:datafield tag="650" ind1=" " ind2="6"><marc:subfield code="a">Hommes âgés</marc:subfield><marc:subfield code="v">Romans, nouvelles, etc.</marc:subfield></marc:datafield><marc:datafield tag="650" ind1=" " ind2="6"><marc:subfield code="a">Maisons abandonnées</marc:subfield><marc:subfield code="v">Romans, nouvelles, etc.</marc:subfield></marc:datafield><marc:datafield tag="650" ind1=" " ind2="6"><marc:subfield code="a">Méfiance</marc:subfield><marc:subfield code="v">Romans, nouvelles, etc.</marc:subfield></marc:datafield><marc:datafield tag="650" ind1=" " ind2="6"><marc:subfield code="a">Habiletés de survie</marc:subfield><marc:subfield code="v">Romans, nouvelles, etc.</marc:subfield></marc:datafield><marc:datafield tag="655" ind1=" " ind2="6"><marc:subfield code="a">Romans</marc:subfield></marc:datafield><marc:datafield tag="830" ind1=" " ind2="0"><marc:subfield code="a">Roman (Peuplade (Firme))</marc:subfield></marc:datafield><marc:datafield tag="905" ind1=" " ind2=" "><marc:subfield code="u">lynD</marc:subfield></marc:datafield><marc:datafield tag="935" ind1=" " ind2=" "><marc:subfield code="a">(SITKA)118601359</marc:subfield></marc:datafield></marc:record>